% $Id: thesis.bib 142 2012-12-22 10:41:32Z danbos $
@misc{Wikipedia2013ma,
    author={{Wikipedia}},
    title={{H.264/MPEG-4 AVC}},
    URL={http://en.wikipedia.org/wiki/Multitier_architecture},
    note={Fetched the 19 October 2013.}
}

@misc{Google2013cwili,
    author={{Google Groups User}},
    title={{Chrome is not deleting temporary cookies}},
    URL={https://productforums.google.com/d/msg/chrome/9l-gKYIUg50/HOvdZbPiuXAJ},
    note={Fetched the 19 October 2013.}
}

@misc{Markdown2013,
    author={{John Gruber}},
    title={{Daring Fireball: Markdown}},
    URL={http://daringfireball.net/projects/markdown/},
    note={Fetched the 19 October 2013.}
}

@misc{Purifier2013,
    author={{MeWebStudio}},
    title={{HTML Purifier}},
    URL={http://htmlpurifier.org/},
    note={Fetched the 19 October 2013.}
}

@misc{Sucuri2013,
    author={{Daniel Cid}},
    title={{Security Archive â€“ Case Study: phpbb.com Compromised}},
    URL={http://blog.sucuri.net/2013/09/security-case-study-archive-phpbb-com.html},
    note={Fetched the 19 October 2013.}
}

@misc{SecurityCheck2013,
    author={{SensioLabs}},
    title={{Security Checker}},
    URL={https://packagist.org/packages/sensiolabs/security-checker},
    note={Fetched the 19 October 2013.}
}
@misc{Gist2013bvh,
	author={{Barry vd. Heuvel}},
	title={{Symfony Security Checker in Laravel}},
	URL={https://gist.github.com/barryvdh/6696739},
	note={Fetched the 19 October 2013.}
}
% \citep{Wikipedia2013ma}
